<record><leader>00000cas a2200000 a 4500</leader><controlfield tag="001">38367033</controlfield><controlfield tag="008">980206c19979999cau x ne      0    0eng c</controlfield><datafield ind1=" " ind2=" " tag="010"><subfield code="a">  2010228580</subfield><subfield code="z">sn2004061547</subfield></datafield><datafield ind1=" " ind2=" " tag="040"><subfield code="a">EEM</subfield><subfield code="b">eng</subfield><subfield code="c">EEM</subfield><subfield code="d">OCL</subfield><subfield code="d">OCLCQ</subfield><subfield code="d">CUV</subfield><subfield code="d">OCLCF</subfield><subfield code="d">OCLCO</subfield><subfield code="d">IUL</subfield><subfield code="d">OCLCQ</subfield></datafield><datafield ind1=" " ind2=" " tag="019"><subfield code="a">54933988</subfield></datafield><datafield ind1=" " ind2=" " tag="042"><subfield code="a">pcc</subfield></datafield><datafield ind1=" " ind2=" " tag="043"><subfield code="a">n-us---</subfield></datafield><datafield ind1="1" ind2="4" tag="050"><subfield code="a">JA75.8</subfield><subfield code="b">.G74</subfield></datafield><datafield ind1="0" ind2=" " tag="130"><subfield code="a">Green pages (Santa Monica, Calif.)</subfield></datafield><datafield ind1="1" ind2="0" tag="245"><subfield code="a">Green pages.</subfield></datafield><datafield ind1="1" ind2=" " tag="246"><subfield code="a">GreenPages</subfield></datafield><datafield ind1=" " ind2=" " tag="260"><subfield code="3">1997- :</subfield><subfield code="a">Santa Monica, CA :</subfield><subfield code="b">Association of State Green Parties</subfield></datafield><datafield ind1="3" ind2=" " tag="260"><subfield code="3">&lt;2001-&gt; :</subfield><subfield code="a">Washington, D.C. :</subfield><subfield code="b">Green Party of the United States</subfield></datafield><datafield ind1=" " ind2=" " tag="300"><subfield code="a">volumes :</subfield><subfield code="b">illustrations ;</subfield><subfield code="c">43 cm</subfield></datafield><datafield ind1=" " ind2=" " tag="310"><subfield code="a">Irregular,</subfield><subfield code="b">&lt;2002-&gt;</subfield></datafield><datafield ind1=" " ind2=" " tag="321"><subfield code="a">Quartelry,</subfield><subfield code="b">1997-&lt;2001&gt;</subfield></datafield><datafield ind1=" " ind2=" " tag="336"><subfield code="a">text</subfield><subfield code="b">txt</subfield><subfield code="2">rdacontent</subfield></datafield><datafield ind1=" " ind2=" " tag="337"><subfield code="a">unmediated</subfield><subfield code="b">n</subfield><subfield code="2">rdamedia</subfield></datafield><datafield ind1=" " ind2=" " tag="338"><subfield code="a">volume</subfield><subfield code="b">nc</subfield><subfield code="2">rdacarrier</subfield></datafield><datafield ind1="1" ind2=" " tag="362"><subfield code="a">Began with vol. 1, no. 1 (spring 1997).</subfield></datafield><datafield ind1=" " ind2=" " tag="500"><subfield code="a">"Official publication of the Green Party of the United States."</subfield></datafield><datafield ind1=" " ind2=" " tag="588"><subfield code="a">Description based on: Vol. 2, no. 1 (spring 1998); title from caption.</subfield></datafield><datafield ind1=" " ind2=" " tag="588"><subfield code="a">Latest issue consulted: Vol. 3, no. 1 (winter 1999).</subfield></datafield><datafield ind1="2" ind2="0" tag="610"><subfield code="a">Association of State Green Parties</subfield><subfield code="v">Newspapers.</subfield></datafield><datafield ind1="2" ind2="0" tag="610"><subfield code="a">Green Party of the United States</subfield><subfield code="v">Newspapers.</subfield></datafield><datafield ind1=" " ind2="0" tag="650"><subfield code="a">Green movement</subfield><subfield code="z">United States</subfield><subfield code="v">Newspapers.</subfield></datafield><datafield ind1=" " ind2="0" tag="650"><subfield code="a">Environmentalism</subfield><subfield code="z">United States</subfield><subfield code="v">Newspapers.</subfield></datafield><datafield ind1=" " ind2="0" tag="650"><subfield code="a">Green movement</subfield><subfield code="v">Newspapers.</subfield></datafield><datafield ind1=" " ind2="0" tag="650"><subfield code="a">Environmentalism</subfield><subfield code="v">Newspapers.</subfield></datafield><datafield ind1=" " ind2="7" tag="650"><subfield code="a">Environmentalism.</subfield><subfield code="2">fast</subfield><subfield code="0">(OCoLC)fst00913543</subfield></datafield><datafield ind1=" " ind2="7" tag="650"><subfield code="a">Green movement.</subfield><subfield code="2">fast</subfield><subfield code="0">(OCoLC)fst00947621</subfield></datafield><datafield ind1=" " ind2="7" tag="651"><subfield code="a">United States.</subfield><subfield code="2">fast</subfield><subfield code="0">(OCoLC)fst01204155</subfield></datafield><datafield ind1=" " ind2="7" tag="655"><subfield code="a">Periodicals.</subfield><subfield code="2">fast</subfield><subfield code="0">(OCoLC)fst01411641</subfield></datafield><datafield ind1="2" ind2=" " tag="710"><subfield code="a">Association of State Green Parties.</subfield></datafield><datafield ind1="2" ind2=" " tag="710"><subfield code="a">Green Party of the United States.</subfield></datafield><datafield ind1=" " ind2=" " tag="752"><subfield code="a">United States</subfield><subfield code="b">District of Columbia</subfield><subfield code="d">Washington.</subfield></datafield><datafield ind1="0" ind2="8" tag="776"><subfield code="i">Online version:</subfield><subfield code="t">Green pages (Santa Monica, Calif. : Online)</subfield><subfield code="w">(OCoLC)694732478</subfield></datafield><datafield ind1="1" ind2=" " tag="029"><subfield code="a">AU@</subfield><subfield code="b">000025460039</subfield></datafield></record>